<?xml version="1.0" encoding="UTF-8"?><collection xmlns="http://www.loc.gov/MARC21/slim"><record><leader>00329nam--2200133-i-4500</leader><controlfield tag="001">000045626</controlfield><controlfield tag="002">20161230</controlfield><controlfield tag="005">20161230201045</controlfield><controlfield tag="008">060222s1000------------r-----000-0-eng-d</controlfield><datafield ind1=" " ind2=" " tag="080"><subfield code="a">669.017</subfield></datafield><datafield ind1=" " ind2=" " tag="100"><subfield code="a">Ubbelohde, A.R</subfield></datafield><datafield ind1=" " ind2=" " tag="245"><subfield code="a">Melting and crystal structure</subfield></datafield><datafield ind1=" " ind2=" " tag="260"><subfield code="a">Oxford, Clarendon Press, 1965, Xi + 325p</subfield></datafield><datafield ind1=" " ind2=" " tag="852"><subfield code="a">27493</subfield></datafield></record></collection>